@article{ma2019infrared,
  title={Infrared and visible image fusion methods and applications: A survey},
  author={Ma, Jiayi and Ma, Yong and Li, Chang},
  journal={Information fusion},
  volume={45},
  pages={153--178},
  year={2019},
  publisher={Elsevier}
}

@article{luo2023infrared,
  title={Infrared and visible image fusion: Methods, datasets, applications, and prospects},
  author={Luo, Yongyu and Luo, Zhongqiang},
  journal={Applied Sciences},
  volume={13},
  number={19},
  pages={10891},
  year={2023},
  publisher={MDPI}
}

@article{lin2022review,
  title={A review of deep learning fusion methods for infrared and visible images},
  author={Lin, Li and Hongmei, Wang and Chenkai, Li},
  journal={Infrared and Laser Engineering},
  volume={51},
  number={12},
  pages={20220125--1},
  year={2022},
  publisher={Editorial Office of Journal of Infrared and Laser Engineering}
}

@ARTICLE{yang2024semantic,
  title={Semantic perceptive infrared and visible image fusion transformer},
  author={Yang, Xin and Huo, Hongtao and Li, Chang and Liu, Xiaowen and Wang, Wenxi and Wang, Cheng},
  journal={Pattern Recognition},
  volume={149},
  pages={110223},
  year={2024},
  publisher={Elsevier}
}

@ARTICLE{zhao2024equivariant,
  title={Equivariant multi-modality image fusion},
  author={Zhao, Zixiang and Bai, Haowen and Zhang, Jiangshe and Zhang, Yulun and Zhang, Kai and Xu, Shuang and Chen, Dongdong and Timofte, Radu and Van Gool, Luc},
  journal={Proceedings of the IEEE/CVF conference on computer vision and pattern recognition},
  pages={25912--25921},
  year={2024}
}




@ARTICLE{yan2025hvi,
  title={Hvi: A new color space for low-light image enhancement},
  author={Yan, Qingsen and Feng, Yixu and Zhang, Cheng and Pang, Guansong and Shi, Kangbiao and Wu, Peng and Dong, Wei and Sun, Jinqiu and Zhang, Yanning},
  journal={Proceedings of the Computer Vision and Pattern Recognition Conference},
  pages={5678--5687},
  year={2025}
}


@article{TANG2025VideoFusion,
  title={VideoFusion: A Spatio-Temporal Collaborative Network for Mutli-modal Video Fusion and Restoration},
  author={Linfeng Tang and Yeda Wang and Meiqi Gong and Zizhuo Li and Yuxin Deng and Xunpeng Yi and Chunyu Li and Han Xu and Hao Zhang and Jiayi Ma},
  journal={ArXiv},
  year={2025},
  volume={abs/2503.23359},
}

@ARTICLE{sun2021dronebasedrgbinfraredcrossmodalityvehicle,
  author={Sun, Yiming and Cao, Bing and Zhu, Pengfei and Hu, Qinghua},
  journal={IEEE Transactions on Circuits and Systems for Video Technology}, 
  title={Drone-Based RGB-Infrared Cross-Modality Vehicle Detection Via Uncertainty-Aware Learning}, 
  year={2022},
  volume={32},
  number={10},
  pages={6700-6713},
  keywords={Vehicle detection;Object detection;Uncertainty;Drones;Surveillance;Lighting;Sun;Cross-modality;drone-based vehicle detection;feature fusion;uncertainty-aware},
  doi={10.1109/TCSVT.2022.3168279}}


@ARTICLE{Hou2020VIFNet,
  author={Hou, Ruichao and Zhou, Dongming and Nie, Rencan and Liu, Dong and Xiong, Lei and Guo, Yanbu and Yu, Chuanbo},
  journal={IEEE Transactions on Computational Imaging}, 
  title={VIF-Net: An Unsupervised Framework for Infrared and Visible Image Fusion}, 
  year={2020},
  volume={6},
  number={},
  pages={640-651},
  keywords={Image fusion;Feature extraction;Transforms;Training;Computer architecture;Task analysis;Adaptation models;Unsupervised learning;image fusion;convolutional neural networks;infrared images;visible images},
  doi={10.1109/TCI.2020.2965304}}


@ARTICLE{Hui2019DenseFuse,
  author={Li, Hui and Wu, Xiao-Jun},
  journal={IEEE Transactions on Image Processing}, 
  title={DenseFuse: A Fusion Approach to Infrared and Visible Images}, 
  year={2019},
  volume={28},
  number={5},
  pages={2614-2623},
  keywords={Feature extraction;Decoding;Image coding;Image reconstruction;Training;Image fusion;Image fusion;deep learning;dense block;infrared image;visible image},
  doi={10.1109/TIP.2018.2887342}}




@ARTICLE{Jiayi2020DDcGAN,
  author={Ma, Jiayi and Xu, Han and Jiang, Junjun and Mei, Xiaoguang and Zhang, Xiao-Ping},
  journal={IEEE Transactions on Image Processing}, 
  title={DDcGAN: A Dual-Discriminator Conditional Generative Adversarial Network for Multi-Resolution Image Fusion}, 
  year={2020},
  volume={29},
  number={},
  pages={4980-4995},
  keywords={Feature extraction;Image fusion;Image resolution;Generators;Biomedical imaging;Thermal sensors;Deep learning;Image fusion;generative adversarial network;infrared image;medical image;different resolutions},
  doi={10.1109/TIP.2020.2977573}}



@ARTICLE{Zhao2024CMFuse,
  author={Cai, Zhao and Ma, Yong and Huang, Jun and Mei, Xiaoguang and Fan, Fan and Zhao, Zhiqing},
  journal={IEEE Sensors Journal}, 
  title={CMFuse: Cross-Modal Features Mixing via Convolution and MLP for Infrared and Visible Image Fusion}, 
  year={2024},
  volume={24},
  number={15},
  pages={24152-24167},
  keywords={Image fusion;Feature extraction;Transformers;Convolutional neural networks;Image reconstruction;Lighting;Feature mixing;image fusion;long-range dependencies;multilayer perceptron (MLP)},
  doi={10.1109/JSEN.2024.3410387}}


@InProceedings{zhao2023ddfmdenoisingdiffusionmodel,
    author = {Zixiang Zhao and Haowen Bai and Yuanzhi Zhu and Jiangshe Zhang and Shuang Xu and Yulun Zhang and Kai Zhang and Deyu Meng and Radu Timofte and Luc Van Gool},
    title = {DDFM: Denoising Diffusion Model for Multi-Modality Image Fusion}, 
    booktitle = {Proceedings of the IEEE/CVF International Conference on Computer Vision (ICCV)}, 
    month = {October}, 
    year = {2023}, 
    pages = {8082-8093} 
}


@ARTICLE{wang2024zeroreferencelowlightenhancementphysical,
      title={Zero-Reference Low-Light Enhancement via Physical Quadruple Priors}, 
      author={Wenjing Wang and Huan Yang and Jianlong Fu and Jiaying Liu},
      year={2024},
      eprint={2403.12933},
      journal={IEEE conference on computer vision and pattern recognition (CVPR)},
      archivePrefix={arXiv},
      primaryClass={cs.CV},
}



@ARTICLE{NEURIPS2023_fc034d18,
 author = {HOU, Jinhui and Zhu, Zhiyu and Hou, Junhui and LIU, Hui and Zeng, Huanqiang and Yuan, Hui},
 journal = {Advances in Neural Information Processing Systems},
 editor = {A. Oh and T. Naumann and A. Globerson and K. Saenko and M. Hardt and S. Levine},
 pages = {79734--79747},
 publisher = {Curran Associates, Inc.},
 title = {Global Structure-Aware Diffusion Process for Low-light Image Enhancement},
 volume = {36},
 year = {2023},

}
